
@article{dplyr,
	title = {dplyr: A Grammar of Data Manipulation},
	author = {Wickham, Hadley and {François}, Romain and Henry, Lionel and {Müller}, Kirill and Vaughan, Davis},
	year = {2023},
	date = {2023},
	url = {https://CRAN.R-project.org/package=dplyr}
}

@article{backports,
	title = {backports: Reimplementations of Functions Introduced Since R-3.0.0},
	author = {Lang, Michel and Murdoch, Duncan and , R Core Team},
	year = {2024},
	date = {2024},
	url = {https://CRAN.R-project.org/package=backports}
}

@article{rosseel2012,
	title = {Lavaan: An R package for structural equation modeling},
	author = {Rosseel, Yves},
	year = {2012},
	month = {05},
	date = {2012-05},
	journal = {Journal of Statistical Software},
	pages = {1--36},
	volume = {48},
	number = {1},
	doi = {10.18637/jss.v048.i02},
	note = {Publisher: American Statistical Association}
}
