
@article{dplyr,
	title = {dplyr: A Grammar of Data Manipulation},
	author = {Wickham, Hadley and {François}, Romain and Henry, Lionel and {Müller}, Kirill and Vaughan, Davis},
	year = {2023},
	date = {2023},
	url = {https://CRAN.R-project.org/package=dplyr}
}

@article{backports,
	title = {backports: Reimplementations of Functions Introduced Since R-3.0.0},
	author = {Lang, Michel and Murdoch, Duncan and , R Core Team},
	year = {2024},
	date = {2024},
	url = {https://CRAN.R-project.org/package=backports}
}

@article{rosseel2012,
	title = {Lavaan: An R package for structural equation modeling},
	author = {Rosseel, Yves},
	year = {2012},
	month = {05},
	date = {2012-05},
	journal = {Journal of Statistical Software},
	pages = {1--36},
	volume = {48},
	number = {1},
	doi = {10.18637/jss.v048.i02},
	note = {Publisher: American Statistical Association}
}

@inbook{greenberg1986,
	title = {The Causes and Consequences of a Need for Self-Esteem: A Terror Management Theory},
	author = {Greenberg, Jeff and Pyszczynski, Tom and Solomon, Sheldon},
	year = {1986},
	date = {1986},
	publisher = {Springer-Verlag},
	pages = {189--212},
	address = {New York},
	langid = {en}
}

@article{burke2010,
	title = {Two Decades of Terror Management Theory: A Meta-Analysis of Mortality Salience Research},
	author = {Burke, Brian L. and Martens, Andy and Faucher, Erik H.},
	year = {2010},
	date = {2010},
	journal = {Personality and Social Psychology Review},
	pages = {155--195},
	volume = {14},
	number = {2},
	doi = {10.1177/1088868309352321},
	url = {http://journals.sagepub.com/doi/10.1177/1088868309352321},
	langid = {en}
}

@article{greenberg1990,
	title = {Evidence for Terror Management Theory II: The Effects of Mortality Salience on Reactions to Those Who Threaten or Bolster the Cultural Worldview},
	author = {Greenberg, Jeff and Solomon, Sheldon and Veeder, Mitchell and Pyszczynski, Tom and Rosenblatt, Abram and Kirkland, Shari and Lyon, Deborah},
	year = {1990},
	date = {1990},
	journal = {Journal of Personality and Social Psychology},
	pages = {308--318},
	volume = {58},
	number = {2},
	langid = {en}
}
